<?xml version="1.0" encoding="UTF-8"?><record xmlns="http://www.loc.gov/MARC21/slim" xmlns:cinclude="http://apache.org/cocoon/include/1.0" xmlns:zs="http://www.loc.gov/zing/srw/">
  <leader>00524nz  a2200145n  4500</leader>
  <controlfield tag="001">no2012031000</controlfield>
  <controlfield tag="003">DLC</controlfield>
  <controlfield tag="005">20120303075510.0</controlfield>
  <controlfield tag="008">120301n| acannaabn          |a aaa     c</controlfield>
  <datafield tag="010" ind1=" " ind2=" ">
    <subfield code="a">no2012031000</subfield>
  </datafield>
  <datafield tag="035" ind1=" " ind2=" ">
    <subfield code="a">(OCoLC)oca09131800</subfield>
  </datafield>
  <datafield tag="040" ind1=" " ind2=" ">
    <subfield code="a">OAkU-AV</subfield>
    <subfield code="b">eng</subfield>
    <subfield code="c">OAkU-AV</subfield>
  </datafield>
  <datafield tag="100" ind1="1" ind2=" ">
    <subfield code="a">Rieder Bennett, Sara Lynne</subfield>
  </datafield>
  <datafield tag="400" ind1="1" ind2=" ">
    <subfield code="a">Bennett, Sara Lynne Rieder</subfield>
  </datafield>
  <datafield tag="670" ind1=" " ind2=" ">
    <subfield code="a">An investigation of sources of women's infertility-specific distress and well-being [ER] 2009:</subfield>
    <subfield code="b">title screen (Sara Lynne Rieder Bennett; Ph. D. candidate, Univ. of Akron)</subfield>
  </datafield>
</record>